% Encoding: UTF-8

@article{Ontologia,
  title={Monografía: Técnicas de la Inteligencia Artificial aplicadas a la educación},
  author={Sánchez Vila, Eduardo M and Lama Penín, Manuel},
  journal={Inteligencia Artificial. Revista Iberoamericana de Inteligencia Artificial},
  volume={11},
  number={33},
  year={2007},
  publisher={Asociación Española para la Inteligencia Artificial}
}

@book{gomez,
  title={Ontological Engineering: with examples from the areas of Knowledge Management, e-Commerce and the Semantic Web},
  author={Gomez-Perez, Asuncion and Fernández-López, Mariano and Corcho, Oscar},
  year={2006},
  publisher={Springer Science \& Business Media}
}

@article{Arquitectura,
  title={Sistema Buscador de Contenidos Digitales de la Nube de Conocimiento del Proyecto Madre},
  author={Aguilar, Jose and Dos Santos, Ricardo},
  journal={Selección},
  volume={2},
  number={1},
  pages={36--47},
  year={2015}
}

@misc{tipologia,
  title={Tipología de Contenido Digital. Educar. El portal educativo de Estado argentino},
  author={NáJERA OCHOA, Omar},
  year={2004}
}

@article{elementosOntologias,
  title={A translation approach to portable ontology specifications},
  author={Gruber, Thomas R},
  journal={Knowledge acquisition},
  volume={5},
  number={2},
  pages={199--220},
  year={1993},
  publisher={Elsevier}
}

@article{operacionesOntologia,
  title={PROTOTIPO DE UN MODULO DE BUSQUEDA SEMANTICA PARA LA PLATAFORMA GreenIDI TR--IIIA--2013--01},
  author={GreenIDI, Proyecto}
}

@article{ontologiaPeces,
  title={REPRESENTACIÓN ONTOLÓGICA DE PECES DEL CATATUMBO},
  author={Pérez, Torcoroma Velásquez and Velásquez, Andrés Mauricio Puentes and Vargas, Luis Ernesto López},
  journal={REVISTA COLOMBIANA DE TECNOLOGIAS DE AVANZADA (RCTA)},
  volume={1},
  number={19},
  year={2013}
}

@article{ontologiaAgentes,
  title={Integración de sistema multi-agente, ontologías y procesos de negocios como marco tecnológico de la estrategia “gobierno en línea”},
  author={Bonfante, María Claudia and Castillo, Andrés},
  journal={Revista Colombiana de Tecnologías de Avanzada (RCTA)},
  volume={1},
  number={23},
  year={2017}
}